
@book{white_best_2013,
	location = {Victoria, British Columbia},
	title = {A best practices guide for generating forest inventory attributes from airborne laser scanning data using the area-based approach},
	isbn = {978-1-100-22385-8},
	publisher = {Canadian Forest Service},
	author = {White, Joanne C. and Wulder, Michael A. and Varhola, Andrés and Vastaranta, Mikko and Coops, Nicholas C. and Cook, Bruce D.},
	date = {2013},
	note = {{OCLC}: 847333252},
}

@article{gauthier_effects_2016,
	title = {Effects of Harvest Gap Size, Soil Scarification, and Vegetation Control on Regeneration Dynamics in Sugar Maple-Yellow Birch Stands},
	volume = {62},
	issn = {0015-749X},
	url = {https://academic.oup.com/forestscience/article/62/2/237-246/4564848},
	doi = {10.5849/forsci.15-058},
	pages = {237--246},
	number = {2},
	journaltitle = {Forest Science},
	shortjournal = {Forest Science},
	author = {Gauthier, Martin-Michel and Lambert, Marie-Claude and Bédard, Steve},
	urldate = {2025-02-08},
	date = {2016-04-01},
	langid = {english},
}

@article{bedard_northern_2022,
	title = {Northern hardwood regeneration dynamics 10 years after irregular shelterwood and mechanical control of understory American beech},
	volume = {511},
	issn = {03781127},
	url = {https://linkinghub.elsevier.com/retrieve/pii/S0378112722001360},
	doi = {10.1016/j.foreco.2022.120142},
	pages = {120142},
	journaltitle = {Forest Ecology and Management},
	shortjournal = {Forest Ecology and Management},
	author = {Bédard, Steve and Raymond, Patricia and {DeBlois}, Josianne},
	urldate = {2025-02-12},
	date = {2022-05},
	langid = {english},
}

@article{seidel_describing_2015,
	title = {Describing forest canopy gaps efficiently, accurately, and objectively: New prospects through the use of terrestrial laser scanning},
	volume = {213},
	issn = {01681923},
	url = {https://linkinghub.elsevier.com/retrieve/pii/S0168192315001859},
	doi = {10.1016/j.agrformet.2015.06.006},
	shorttitle = {Describing forest canopy gaps efficiently, accurately, and objectively},
	pages = {23--32},
	journaltitle = {Agricultural and Forest Meteorology},
	shortjournal = {Agricultural and Forest Meteorology},
	author = {Seidel, Dominik and Ammer, Christian and Puettmann, Klaus},
	urldate = {2025-02-12},
	date = {2015-11},
	langid = {english},
}
